@BOOK{Alberts,
title={Molecular Biology of the Cell},
author={Alberts, B. and  Johnson, A. and Lewis, J. and Raff, M. and Roberts, K. and Walter, P.},
publisher={Garland Science},
year={1995},
address={New York}
}


@ARTICLE{Suresh,
  author = {Suresh, Subra},
  title = {Biomechanics and biophysics of cancer cells},
  journal = {Acta Mater.},
  year = {2007},
  volume = {55},
  pages = {3989–4014},
  month = {July},
  owner = {Julian},
  timestamp = {2013.12.01}
}

@article{Alessandri,
  title={Cellular capsules as a tool for multicellular spheroid production and for investigating the mechanics of tumor progression in vitro},
  author={Alessandri, K{\'e}vin and Sarangi, Bibhu Ranjan and Gurchenkov, Vasily Val{\'e}r{\"\i}{\'e}vitch and Sinha, Bidisha and Kie{\ss}ling, Tobias Reinhold and Fetler, Luc and Rico, Felix and Scheuring, Simon and Lamaze, Christophe and Simon, Anthony and others},
  journal={Proceedings of the National Academy of Sciences},
  volume={110},
  number={37},
  pages={14843--14848},
  year={2013},
  publisher={National Acad Sciences}
}
@article{Butcher,
author={Butcher, Julian and Das, Moumita},
title={Brownian dynamics of soft colloidal spheres in a monolayer of stiffer colloids.},
year={2014},
journal={Capstone 2014}
}
@article{Cukierman,
author = {Cukierman, Edna and Pankov, Roumen and Stevens, Daron R. and Yamada, Kenneth M.}, 
title = {Taking Cell-Matrix Adhesions to the Third Dimension},
volume = {294}, 
number = {5547}, 
pages = {1708-1712}, 
year = {2001}, 
doi = {10.1126/science.1064829}, 
URL = {http://www.sciencemag.org/content/294/5547/1708.abstract}, 
eprint = {http://www.sciencemag.org/content/294/5547/1708.full.pdf}, 
journal = {Science} 
}

@article{Doyle,
  title={One-dimensional topography underlies three-dimensional fibrillar cell migration},
  author={Doyle, Andrew D and Wang, Francis W and Matsumoto, Kazue and Yamada, Kenneth M},
  journal={The Journal of cell biology},
  volume={184},
  number={4},
  pages={481--490},
  year={2009},
  publisher={Rockefeller Univ Press}
}
@article{FilyMarchetti,
  title = {Athermal Phase Separation of Self-Propelled Particles with No Alignment},
  author = {Fily, Yaouen and Marchetti, M. Cristina},
  journal = {Phys. Rev. Lett.},
  volume = {108},
  issue = {23},
  pages = {235702},
  numpages = {5},
  year = {2012},
  month = {Jun},
  publisher = {American Physical Society},
  doi = {10.1103/PhysRevLett.108.235702},
  url = {http://link.aps.org/doi/10.1103/PhysRevLett.108.235702}
}
@article{Jeanes,
author={Jeanes,A. and Gottardi,C. J. and Yap,A. S.},
year={2008},
month={Nov 24},
title={Cadherins and cancer: how does cadherin dysfunction promote tumor progression?},
journal={Oncogene},
volume={27},
number={55},
pages={6920-9},
note={Copyright - Copyright Nature Publishing Group Nov 24, 2008; Last updated - 2014-03-20; CODEN - ONCNES},
isbn={09509232},
language={English},
url={http://search.proquest.com.ezproxy.rit.edu/docview/227370681?accountid=108},
}
@article{Jong,
author={Jong,Bin K. and Stein,Robert and O'Hare,Mike,J.},
year={2004},
month={06},
title={Three-dimensional in vitro tissue culture models of breast cancer - a review},
journal={Breast cancer research and treatment},
volume={85},
number={3},
pages={281-91},
isbn={01676806},
language={English}
}
@article{Lee,
title = "Mismatch in Mechanical and Adhesive Properties Induces Pulsating Cancer Cell Migration in Epithelial Monolayer ",
journal = "Biophysical Journal ",
volume = "102",
number = "12",
pages = "2731 - 2741",
year = "2012",
note = "",
issn = "0006-3495",
doi = "http://dx.doi.org/10.1016/j.bpj.2012.05.005",
url = "http://www.sciencedirect.com/science/article/pii/S0006349512005577",
author = "Meng-Horng Lee and Pei-Hsun Wu and Jack Rory Staunton and Robert Ros and Gregory D. Longmore and Denis Wirtz"
}
@article{Lemons,
   author = "Lemons, Don S. and Gythiel, Anthony",
   title = "Paul Langevinâ€™s 1908 paper On the Theory of Brownian Motion [C. R. Acad. Sci. (Paris) 146, 530â€“533 (1908)]",
   journal = "American Journal of Physics",
   year = "1997",
   volume = "65",
   number = "11", 
   pages = "1079-1081",
   url = "http://scitation.aip.org/content/aapt/journal/ajp/65/11/10.1119/1.18725",
   doi = "http://dx.doi.org/10.1119/1.18725" 
}
@article{Miki,
title = "The advantages of co-culture over mono cell culture in simulating in vivo environment ",
journal = "The Journal of Steroid Biochemistry and Molecular Biology ",
volume = "131",
number = "3â€“5",
pages = "68 - 75",
year = "2012",
note = "Special issue on Steroids and Cancer ",
issn = "0960-0760",
doi = "http://dx.doi.org/10.1016/j.jsbmb.2011.12.004",
url = "http://www.sciencedirect.com/science/article/pii/S0960076011002469",
author = "Yasuhiro Miki and Katsuhiko Ono and Shuko Hata and Takashi Suzuki and Hiroyuki Kumamoto and Hironobu Sasano",
keywords = "Breast carcinoma",
keywords = "Co-culture",
keywords = "Aromatase",
keywords = "Cancer microenvironment "
}
@article{Mingming,
author={Wu, Mingming and Ma, Minglin},
title={Private communications},
year={2014},
journal={Private communications}
}
@article{RednerBaskaran,
  title = {Reentrant phase behavior in active colloids with attraction},
  author = {Redner, Gabriel S. and Baskaran, Aparna and Hagan, Michael F.},
  journal = {Phys. Rev. E},
  volume = {88},
  issue = {1},
  pages = {012305},
  numpages = {5},
  year = {2013},
  month = {Jul},
  publisher = {American Physical Society},
  doi = {10.1103/PhysRevE.88.012305},
  url = {http://link.aps.org/doi/10.1103/PhysRevE.88.012305}
}
@article{RednerHagan,
  title = {Structure and Dynamics of a Phase-Separating Active Colloidal Fluid},
  author = {Redner, Gabriel S. and Hagan, Michael F. and Baskaran, Aparna},
  journal = {Phys. Rev. Lett.},
  volume = {110},
  issue = {5},
  pages = {055701},
  numpages = {5},
  year = {2013},
  month = {Jan},
  publisher = {American Physical Society},
  doi = {10.1103/PhysRevLett.110.055701},
  url = {http://link.aps.org/doi/10.1103/PhysRevLett.110.055701}
}
@article{Vicsek,
  title = {Novel Type of Phase Transition in a System of Self-Driven Particles},
  author = {Vicsek, Tam\'as and Czir\'ok, Andr\'as and Ben-Jacob, Eshel and Cohen, Inon and Shochet, Ofer},
  journal = {Phys. Rev. Lett.},
  volume = {75},
  issue = {6},
  pages = {1226--1229},
  numpages = {0},
  year = {1995},
  month = {Aug},
  publisher = {American Physical Society},
  doi = {10.1103/PhysRevLett.75.1226},
  url = {http://link.aps.org/doi/10.1103/PhysRevLett.75.1226}
}

